<record><leader>00000cas a2200000 a 4500</leader><controlfield tag="001">11102238</controlfield><controlfield tag="008">840829d19131918ksuwr ne      0   a0eng d</controlfield><datafield ind1=" " ind2=" " tag="010"><subfield code="a">sn 84029376 </subfield></datafield><datafield ind1=" " ind2=" " tag="040"><subfield code="a">KSH</subfield><subfield code="b">eng</subfield><subfield code="c">KSH</subfield><subfield code="d">NPT</subfield><subfield code="d">OCL</subfield><subfield code="d">OCLCQ</subfield></datafield><datafield ind1=" " ind2=" " tag="042"><subfield code="a">msc</subfield></datafield><datafield ind1="0" ind2="4" tag="245"><subfield code="a">The Dickinson County news and the Abilene democrat.</subfield></datafield><datafield ind1=" " ind2=" " tag="260"><subfield code="a">Abilene, Kan. :</subfield><subfield code="b">News Pub.,</subfield><subfield code="c">1913-1918.</subfield></datafield><datafield ind1=" " ind2=" " tag="300"><subfield code="a">5 v. :</subfield><subfield code="b">ill. ;</subfield><subfield code="c">54 cm.</subfield></datafield><datafield ind1=" " ind2=" " tag="310"><subfield code="a">Weekly</subfield></datafield><datafield ind1="0" ind2=" " tag="362"><subfield code="a">25th year, no. 21 (Jan. 16, 1913)-32nd year, no. 14 (Nov. 28, 1918).</subfield></datafield><datafield ind1=" " ind2=" " tag="500"><subfield code="a">"Democratic."</subfield></datafield><datafield ind1=" " ind2=" " tag="530"><subfield code="a">Available on microfilm from Micro Photo.</subfield></datafield><datafield ind1=" " ind2=" " tag="752"><subfield code="a">United States</subfield><subfield code="b">Kansas</subfield><subfield code="c">Dickinson</subfield><subfield code="d">Abilene.</subfield></datafield><datafield ind1="0" ind2="4" tag="780"><subfield code="t">Abilene democrat</subfield><subfield code="w">(DLC)sn 84029370</subfield></datafield><datafield ind1="0" ind2="4" tag="780"><subfield code="t">Dickinson County news</subfield><subfield code="w">(DLC)sn 84029375</subfield></datafield><datafield ind1="0" ind2="7" tag="785"><subfield code="t">Abilene weekly chronicle</subfield><subfield code="w">(DLC)sn 84029390</subfield></datafield><datafield ind1="0" ind2="7" tag="785"><subfield code="t">Abilene weekly chronicle and the Dickinson County news</subfield><subfield code="w">(DLC)sn 84029384</subfield></datafield></record>